%YAML 1.1
%TAG !u! tag:unity3d.com,2011:
--- !u!1 &3936040288389042265
GameObject:
  m_ObjectHideFlags: 0
  m_CorrespondingSourceObject: {fileID: 0}
  m_PrefabInstance: {fileID: 0}
  m_PrefabAsset: {fileID: 0}
  serializedVersion: 6
  m_Component:
  - component: {fileID: 3936040288389042264}
  - component: {fileID: 8499680421948905833}
  - component: {fileID: 584823868803886862}
  - component: {fileID: 2242112458121160917}
  m_Layer: 0
  m_Name: Ammo
  m_TagString: Untagged
  m_Icon: {fileID: 0}
  m_NavMeshLayer: 0
  m_StaticEditorFlags: 0
  m_IsActive: 1
--- !u!4 &3936040288389042264
Transform:
  m_ObjectHideFlags: 0
  m_CorrespondingSourceObject: {fileID: 0}
  m_PrefabInstance: {fileID: 0}
  m_PrefabAsset: {fileID: 0}
  m_GameObject: {fileID: 3936040288389042265}
  m_LocalRotation: {x: 0, y: 0, z: 0, w: 1}
  m_LocalPosition: {x: 173.80116, y: -1.34, z: 2.6206923}
  m_LocalScale: {x: 1, y: 1, z: 1}
  m_Children:
  - {fileID: 3936040287546486645}
  - {fileID: 6743918472111967622}
  m_Father: {fileID: 0}
  m_RootOrder: 0
  m_LocalEulerAnglesHint: {x: 0, y: 0, z: 0}
--- !u!54 &8499680421948905833
Rigidbody:
  m_ObjectHideFlags: 0
  m_CorrespondingSourceObject: {fileID: 0}
  m_PrefabInstance: {fileID: 0}
  m_PrefabAsset: {fileID: 0}
  m_GameObject: {fileID: 3936040288389042265}
  serializedVersion: 2
  m_Mass: 1
  m_Drag: 0
  m_AngularDrag: 0.05
  m_UseGravity: 1
  m_IsKinematic: 0
  m_Interpolate: 0
  m_Constraints: 0
  m_CollisionDetection: 0
--- !u!65 &584823868803886862
BoxCollider:
  m_ObjectHideFlags: 0
  m_CorrespondingSourceObject: {fileID: 0}
  m_PrefabInstance: {fileID: 0}
  m_PrefabAsset: {fileID: 0}
  m_GameObject: {fileID: 3936040288389042265}
  m_Material: {fileID: 0}
  m_IsTrigger: 0
  m_Enabled: 1
  serializedVersion: 2
  m_Size: {x: 0.47451782, y: 0.15629399, z: 0.15089369}
  m_Center: {x: -0.007369995, y: -0.008241117, z: 0.011085272}
--- !u!114 &2242112458121160917
MonoBehaviour:
  m_ObjectHideFlags: 0
  m_CorrespondingSourceObject: {fileID: 0}
  m_PrefabInstance: {fileID: 0}
  m_PrefabAsset: {fileID: 0}
  m_GameObject: {fileID: 3936040288389042265}
  m_Enabled: 1
  m_EditorHideFlags: 0
  m_Script: {fileID: 11500000, guid: fd9f7949779309948909fbaaf627804a, type: 3}
  m_Name: 
  m_EditorClassIdentifier: 
  restoreAmmo: {fileID: 11400000, guid: 397b2d1b1930b7946898cb622476c739, type: 2}
--- !u!1001 &3936040287546357237
PrefabInstance:
  m_ObjectHideFlags: 0
  serializedVersion: 2
  m_Modification:
    m_TransformParent: {fileID: 3936040288389042264}
    m_Modifications:
    - target: {fileID: 100000, guid: c2f82b7f68576d34ba337674f199280e, type: 3}
      propertyPath: m_Name
      value: AmmoBox
      objectReference: {fileID: 0}
    - target: {fileID: 400000, guid: c2f82b7f68576d34ba337674f199280e, type: 3}
      propertyPath: m_LocalPosition.x
      value: -0.001159668
      objectReference: {fileID: 0}
    - target: {fileID: 400000, guid: c2f82b7f68576d34ba337674f199280e, type: 3}
      propertyPath: m_LocalPosition.y
      value: 0.00024414062
      objectReference: {fileID: 0}
    - target: {fileID: 400000, guid: c2f82b7f68576d34ba337674f199280e, type: 3}
      propertyPath: m_LocalPosition.z
      value: 0.009307861
      objectReference: {fileID: 0}
    - target: {fileID: 400000, guid: c2f82b7f68576d34ba337674f199280e, type: 3}
      propertyPath: m_LocalRotation.x
      value: -0.7071068
      objectReference: {fileID: 0}
    - target: {fileID: 400000, guid: c2f82b7f68576d34ba337674f199280e, type: 3}
      propertyPath: m_LocalRotation.y
      value: -0
      objectReference: {fileID: 0}
    - target: {fileID: 400000, guid: c2f82b7f68576d34ba337674f199280e, type: 3}
      propertyPath: m_LocalRotation.z
      value: -0
      objectReference: {fileID: 0}
    - target: {fileID: 400000, guid: c2f82b7f68576d34ba337674f199280e, type: 3}
      propertyPath: m_LocalRotation.w
      value: 0.7071068
      objectReference: {fileID: 0}
    - target: {fileID: 400000, guid: c2f82b7f68576d34ba337674f199280e, type: 3}
      propertyPath: m_RootOrder
      value: 0
      objectReference: {fileID: 0}
    - target: {fileID: 400000, guid: c2f82b7f68576d34ba337674f199280e, type: 3}
      propertyPath: m_LocalEulerAnglesHint.x
      value: 0
      objectReference: {fileID: 0}
    - target: {fileID: 400000, guid: c2f82b7f68576d34ba337674f199280e, type: 3}
      propertyPath: m_LocalEulerAnglesHint.y
      value: 0
      objectReference: {fileID: 0}
    - target: {fileID: 400000, guid: c2f82b7f68576d34ba337674f199280e, type: 3}
      propertyPath: m_LocalEulerAnglesHint.z
      value: 0
      objectReference: {fileID: 0}
    m_RemovedComponents: []
  m_SourcePrefab: {fileID: 100100000, guid: c2f82b7f68576d34ba337674f199280e, type: 3}
--- !u!4 &3936040287546486645 stripped
Transform:
  m_CorrespondingSourceObject: {fileID: 400000, guid: c2f82b7f68576d34ba337674f199280e,
    type: 3}
  m_PrefabInstance: {fileID: 3936040287546357237}
  m_PrefabAsset: {fileID: 0}
--- !u!1001 &3936040287547033749
PrefabInstance:
  m_ObjectHideFlags: 0
  serializedVersion: 2
  m_Modification:
    m_TransformParent: {fileID: 3936040288389042264}
    m_Modifications:
    - target: {fileID: 7712601102833965363, guid: 14b650aabade8b441b00c7a890ba4ea4,
        type: 3}
      propertyPath: m_Name
      value: Flare Variant
      objectReference: {fileID: 0}
    - target: {fileID: 7712601102833927443, guid: 14b650aabade8b441b00c7a890ba4ea4,
        type: 3}
      propertyPath: m_LocalPosition.x
      value: -0.02
      objectReference: {fileID: 0}
    - target: {fileID: 7712601102833927443, guid: 14b650aabade8b441b00c7a890ba4ea4,
        type: 3}
      propertyPath: m_LocalPosition.y
      value: 0.034
      objectReference: {fileID: 0}
    - target: {fileID: 7712601102833927443, guid: 14b650aabade8b441b00c7a890ba4ea4,
        type: 3}
      propertyPath: m_LocalPosition.z
      value: 0.025
      objectReference: {fileID: 0}
    - target: {fileID: 7712601102833927443, guid: 14b650aabade8b441b00c7a890ba4ea4,
        type: 3}
      propertyPath: m_LocalRotation.x
      value: 0
      objectReference: {fileID: 0}
    - target: {fileID: 7712601102833927443, guid: 14b650aabade8b441b00c7a890ba4ea4,
        type: 3}
      propertyPath: m_LocalRotation.y
      value: 0
      objectReference: {fileID: 0}
    - target: {fileID: 7712601102833927443, guid: 14b650aabade8b441b00c7a890ba4ea4,
        type: 3}
      propertyPath: m_LocalRotation.z
      value: 0
      objectReference: {fileID: 0}
    - target: {fileID: 7712601102833927443, guid: 14b650aabade8b441b00c7a890ba4ea4,
        type: 3}
      propertyPath: m_LocalRotation.w
      value: 1
      objectReference: {fileID: 0}
    - target: {fileID: 7712601102833927443, guid: 14b650aabade8b441b00c7a890ba4ea4,
        type: 3}
      propertyPath: m_RootOrder
      value: 1
      objectReference: {fileID: 0}
    - target: {fileID: 7712601102833927443, guid: 14b650aabade8b441b00c7a890ba4ea4,
        type: 3}
      propertyPath: m_LocalEulerAnglesHint.x
      value: 0
      objectReference: {fileID: 0}
    - target: {fileID: 7712601102833927443, guid: 14b650aabade8b441b00c7a890ba4ea4,
        type: 3}
      propertyPath: m_LocalEulerAnglesHint.y
      value: 0
      objectReference: {fileID: 0}
    - target: {fileID: 7712601102833927443, guid: 14b650aabade8b441b00c7a890ba4ea4,
        type: 3}
      propertyPath: m_LocalEulerAnglesHint.z
      value: 0
      objectReference: {fileID: 0}
    - target: {fileID: 7712601102833927445, guid: 14b650aabade8b441b00c7a890ba4ea4,
        type: 3}
      propertyPath: m_LocalPosition.y
      value: 3.46
      objectReference: {fileID: 0}
    - target: {fileID: 7712601102833965365, guid: 14b650aabade8b441b00c7a890ba4ea4,
        type: 3}
      propertyPath: m_IsActive
      value: 0
      objectReference: {fileID: 0}
    - target: {fileID: 7712601102849130583, guid: 14b650aabade8b441b00c7a890ba4ea4,
        type: 3}
      propertyPath: lengthInSec
      value: 10
      objectReference: {fileID: 0}
    - target: {fileID: 7712601102849130583, guid: 14b650aabade8b441b00c7a890ba4ea4,
        type: 3}
      propertyPath: EmissionModule.m_Bursts.Array.data[1].time
      value: 1
      objectReference: {fileID: 0}
    - target: {fileID: 7712601102849130583, guid: 14b650aabade8b441b00c7a890ba4ea4,
        type: 3}
      propertyPath: EmissionModule.m_Bursts.Array.data[2].time
      value: 1
      objectReference: {fileID: 0}
    - target: {fileID: 7712601102849130583, guid: 14b650aabade8b441b00c7a890ba4ea4,
        type: 3}
      propertyPath: InitialModule.startLifetime.scalar
      value: 10
      objectReference: {fileID: 0}
    - target: {fileID: 7712601102849130583, guid: 14b650aabade8b441b00c7a890ba4ea4,
        type: 3}
      propertyPath: ColorModule.gradient.maxGradient.ctime2
      value: 27371
      objectReference: {fileID: 0}
    - target: {fileID: 7712601102849130583, guid: 14b650aabade8b441b00c7a890ba4ea4,
        type: 3}
      propertyPath: ColorModule.gradient.maxGradient.key2.r
      value: 0.97845995
      objectReference: {fileID: 0}
    - target: {fileID: 7712601102849130583, guid: 14b650aabade8b441b00c7a890ba4ea4,
        type: 3}
      propertyPath: ColorModule.gradient.maxGradient.key2.g
      value: 0.7658246
      objectReference: {fileID: 0}
    - target: {fileID: 7712601102849130583, guid: 14b650aabade8b441b00c7a890ba4ea4,
        type: 3}
      propertyPath: ColorModule.gradient.maxGradient.key2.b
      value: 0.5531893
      objectReference: {fileID: 0}
    - target: {fileID: 7712601102849130583, guid: 14b650aabade8b441b00c7a890ba4ea4,
        type: 3}
      propertyPath: ColorModule.gradient.maxGradient.key3.r
      value: 0.32156864
      objectReference: {fileID: 0}
    - target: {fileID: 7712601102849130583, guid: 14b650aabade8b441b00c7a890ba4ea4,
        type: 3}
      propertyPath: ColorModule.gradient.maxGradient.key3.g
      value: 0.32156864
      objectReference: {fileID: 0}
    - target: {fileID: 7712601102849130583, guid: 14b650aabade8b441b00c7a890ba4ea4,
        type: 3}
      propertyPath: ColorModule.gradient.maxGradient.key3.b
      value: 0.32156864
      objectReference: {fileID: 0}
    - target: {fileID: 7712601102849130583, guid: 14b650aabade8b441b00c7a890ba4ea4,
        type: 3}
      propertyPath: ColorModule.gradient.maxGradient.ctime3
      value: 39707
      objectReference: {fileID: 0}
    - target: {fileID: 7712601102849130583, guid: 14b650aabade8b441b00c7a890ba4ea4,
        type: 3}
      propertyPath: ColorModule.gradient.maxGradient.ctime4
      value: 61487
      objectReference: {fileID: 0}
    - target: {fileID: 7712601102849130583, guid: 14b650aabade8b441b00c7a890ba4ea4,
        type: 3}
      propertyPath: ColorModule.gradient.maxGradient.m_NumColorKeys
      value: 6
      objectReference: {fileID: 0}
    - target: {fileID: 7712601102849130583, guid: 14b650aabade8b441b00c7a890ba4ea4,
        type: 3}
      propertyPath: ColorModule.gradient.maxGradient.ctime1
      value: 18890
      objectReference: {fileID: 0}
    - target: {fileID: 7712601102849130583, guid: 14b650aabade8b441b00c7a890ba4ea4,
        type: 3}
      propertyPath: ColorModule.gradient.maxGradient.ctime0
      value: 10794
      objectReference: {fileID: 0}
    m_RemovedComponents: []
  m_SourcePrefab: {fileID: 100100000, guid: 14b650aabade8b441b00c7a890ba4ea4, type: 3}
--- !u!4 &6743918472111967622 stripped
Transform:
  m_CorrespondingSourceObject: {fileID: 7712601102833927443, guid: 14b650aabade8b441b00c7a890ba4ea4,
    type: 3}
  m_PrefabInstance: {fileID: 3936040287547033749}
  m_PrefabAsset: {fileID: 0}
